%!TEX root = ../Diploma.tex

@article{ Nexgate,
author = {L. M. Aiello and M. Deplano and R. Schifanella and G. Ruffo.},
title = {People are strange when you’re a stranger: Impact and influence of bots on social networks},
journal = {CoRR},
volume = {abs/1407.8134},
year = {2014}
}

@article { Wang,
author  = "A. H. Wang",
title =  "Don’t follow me - spam detection in twitter.",
pages = {142–151},
editors = {S. K. Katsikas and P. Samarati},
year = {2010}
}

@inproceedings{Benevenuto,
author = {F. Benevenuto and G. Magno and T. Rodrigues and V. Almeida.},
title = {Detecting spammers on twitter},
booktitle = "CEAS",
year = "2010"
}
@article{McCord,
author = {M. McCord and M. Chuah},
title = {Spam detection on twitter using traditional classifiers.},
editors =  {In J. M. A. Calero and L. T. Yang and F. G. Ma ́rmol and L. J. Garca ́-Villalba and X. A. Li} ,
volume = {6906 of Lecture Notes in Computer Science},
pages = {175–186},
year =  "2011"
}

@article{Lee,
author = {K. Lee and B. D. Eoff and J. Caverlee},
title = {Seven months with the devils: A long-term study of content polluters on twitter},
editors = {\L. A. Adamic and R. A. Baeza-Yates and S. Counts},
year = "2011"
}

@inproceedings{Yang,
author = {C. Yang and R. C. Harkreader and G. Gu.},
title = {Die free or live hard? empirical evaluation and new design for fighting evolving twitter spammers},
booktitle = "RAID’11",
pages = {318–337},
city = {Berlin},
year = 2011
}


@article{Ferrara,
author = {E. Ferrara and O. Varol and C. Davis and F. Menczer and A. Flammini.},
title = "The rise of social bots",
volume = "abs/1407.5225",
journal = {CoRR},
year = "2014"
}
